@book{cohen2018m√©canique,
  title={M{\'e}canique Quantique - Tome 1: Nouvelle {\'e}dition},
  author={Cohen-Tannoudji, C. and Diu, B. and Laloe, F.},
  isbn={9782759822881},
  year={2018},
  publisher={EDP Sciences}
}